@article{sleire2022portfolio,
  title={Portfolio allocation under asymmetric dependence in asset returns using local Gaussian correlations},
  author={Sleire, Anders D and St{\o}ve, B{\aa}rd and Otneim, H{\aa}kon and Berentsen, Geir Drage and Tj{\o}stheim, Dag and Haugen, Sverre Hauso},
  journal={Finance Research Letters},
  volume={46},
  pages={102475},
  year={2022},
  publisher={Elsevier}
}


@article{silvapulle2001large,
  title={Large returns, conditional correlation and portfolio diversification: a value-at-risk approach},
  author={Silvapulle, Param and Granger, Clive WJ},
  year={2001},
  publisher={Taylor \& Francis}
}

@article{okimoto2008new,
  title={New evidence of asymmetric dependence structures in international equity markets},
  author={Okimoto, Tatsuyoshi},
  journal={Journal of financial and quantitative analysis},
  volume={43},
  number={3},
  pages={787--815},
  year={2008},
  publisher={Cambridge University Press}
}


@article{campbell2002increased,
  title={Increased correlation in bear markets},
  author={Campbell, Rachel and Koedijk, Kees and Kofman, Paul},
  journal={Financial Analysts Journal},
  volume={58},
  number={1},
  pages={87--94},
  year={2002},
  publisher={Taylor \& Francis}
}


@article{ang2002asymmetric,
  title={Asymmetric correlations of equity portfolios},
  author={Ang, Andrew and Chen, Joseph},
  journal={Journal of financial Economics},
  volume={63},
  number={3},
  pages={443--494},
  year={2002},
  doi = {https://doi.org/10.1016/S0304-405X(02)00068-5},
  publisher={Elsevier}
}

@article{hong2007asymmetries,
  title={Asymmetries in stock returns: Statistical tests and economic evaluation},
  author={Hong, Yongmiao and Tu, Jun and Zhou, Guofu},
  journal={The Review of Financial Studies},
  volume={20},
  number={5},
  pages={1547--1581},
  year={2007},
  publisher={Oxford University Press}
}

@article{chollete2009modeling,
  title={Modeling international financial returns with a multivariate regime-switching copula},
  author={Chollete, Lor{\'a}n and Heinen, Andr{\'e}as and Valdesogo, Alfonso},
  journal={Journal of financial econometrics},
  volume={7},
  number={4},
  pages={437--480},
  year={2009},
  publisher={Oxford University Press}
}

@article{aas2009pair,
  title={Pair-copula constructions of multiple dependence},
  author={Aas, Kjersti and Czado, Claudia and Frigessi, Arnoldo and Bakken, Henrik},
  journal={Insurance: Mathematics and economics},
  volume={44},
  number={2},
  pages={182--198},
  year={2009},
  publisher={Elsevier}
}

@article{garcia2011dependence,
  title={Dependence structure and extreme comovements in international equity and bond markets},
  author={Garcia, Ren{\'e} and Tsafack, Georges},
  journal={Journal of Banking \& Finance},
  volume={35},
  number={8},
  pages={1954--1970},
  year={2011},
  publisher={Elsevier}
}


@inproceedings{Georgoula2015,
author  = {Giaglis, George and Georgoula, Ifigeneia and Pournarakis, Dimitrios and Bilanakos, Christos and Sotiropoulos, Dionisios},
year    = {2015},
month   = {10},
pages   = {},
title   = {Using Time-Series and Sentiment Analysis to Detect the Determinants of Bitcoin Prices},
journal = {SSRN Electronic Journal},
doi     = {10.2139/ssrn.2607167}
}


@article{wen2022,
title = {Gold or Bitcoin, which is the safe haven during the COVID-19 pandemic?},
journal = {International Review of Financial Analysis},
volume = {81},
pages = {102121},
year = {2022},
issn = {1057-5219},
doi = {https://doi.org/10.1016/j.irfa.2022.102121},
author = {Fenghua Wen and Xi Tong and Xiaohang Ren},
}


@article{dyhrberg2015,
author = {Dyhrberg, Anne},
year = {2015},
month = {11},
pages = {},
title = {Bitcoin, gold and the dollar â A GARCH volatility analysis},
volume = {16},
journal = {Finance Research Letters},
doi = {10.1016/j.frl.2015.10.008}
}

@article{corbet2018,
title = {Exploring the dynamic relationships between cryptocurrencies and other financial assets},
journal = {Economics Letters},
volume = {165},
pages = {28-34},
year = {2018},
issn = {0165-1765},
doi = {https://doi.org/10.1016/j.econlet.2018.01.004},
author = {Shaen Corbet and Andrew Meegan and Charles Larkin and Brian Lucey and Larisa Yarovaya},

}

@article{guesmi2019,
title = {Portfolio diversification with virtual currency: Evidence from bitcoin},
journal = {International Review of Financial Analysis},
volume = {63},
pages = {431-437},
year = {2019},
issn = {1057-5219},
doi = {https://doi.org/10.1016/j.irfa.2018.03.004},
author = {Khaled Guesmi and Samir Saadi and Ilyes Abid and Zied Ftiti},

}

@article{Bouri2020,
title = {Cryptocurrencies and the downside risk in equity investments},
journal = {Finance Research Letters},
volume = {33},
pages = {101211},
year = {2020},
issn = {1544-6123},
doi = {https://doi.org/10.1016/j.frl.2019.06.009},
author = {Elie Bouri and Brian Lucey and David Roubaud},

}


@article{liu2019,
title = {Portfolio diversification across cryptocurrencies},
journal = {Finance Research Letters},
volume = {29},
pages = {200-205},
year = {2019},
issn = {1544-6123},
doi = {https://doi.org/10.1016/j.frl.2018.07.010},
author = {Weiyi Liu},

}

@article{yaya2019,
title = {How persistent and dynamic inter-dependent are pricing of Bitcoin to other cryptocurrencies before and after 2017/18 crash?},
journal = {Physica A: Statistical Mechanics and its Applications},
volume = {531},
pages = {121732},
year = {2019},
issn = {0378-4371},
doi = {https://doi.org/10.1016/j.physa.2019.121732},
author = {OlaOluwa S. Yaya and Ahamuefula E. Ogbonna and Olusanya E. Olubusoye},

}

@article{li2022,
title = {Dynamic asymmetric dependence and portfolio management in cryptocurrency markets},
journal = {Finance Research Letters},
volume = {48},
pages = {102829},
year = {2022},
issn = {1544-6123},
doi = {https://doi.org/10.1016/j.frl.2022.102829},
author = {Danyang Li and Yukun Shi and Liao Xu and Yahua Xu and Yang Zhao},

}


@article{zhang2018,
title = {The inefficiency of cryptocurrency and its cross-correlation with Dow Jones Industrial Average},
journal = {Physica A: Statistical Mechanics and its Applications},
volume = {510},
pages = {658-670},
year = {2018},
issn = {0378-4371},
doi = {https://doi.org/10.1016/j.physa.2018.07.032},
author = {Wei Zhang and Pengfei Wang and Xiao Li and Dehua Shen},
}

@article{malek2023,
title = {Modeling dynamic VaR and CVaR of cryptocurrency returns with alpha-stable innovations},
journal = {Finance Research Letters},
volume = {55},
pages = {103817},
year = {2023},
issn = {1544-6123},
doi = {https://doi.org/10.1016/j.frl.2023.103817},
author = {Jiri Malek and Duc Khuong Nguyen and Ahmet Sensoy and Quang Van Tran},

}

@article{fung2021,
title = {More to cryptos than bitcoin: A GARCH modelling of heterogeneous cryptocurrencies},
journal = {Finance Research Letters},
volume = {47},
pages = {102544},
year = {2022},
issn = {1544-6123},
doi = {https://doi.org/10.1016/j.frl.2021.102544},
author = {Kennard Fung and Jiin Jeong and Javier Pereira},

}


@article{Osterrieder2017,
title   = {A STATISTICAL RISK ASSESSMENT OF BITCOIN AND ITS EXTREME TAIL BEHAVIOR},
journal = {Annals of Financial Economics},
volume  = {12},
issue   = {01},
pages   = {1750003},
year    = {2017},
issn    = {},
doi     = {https://doi.org/10.1142/S2010495217500038},
author  = {Joerg Osterrieder and  Julian Lorenz },

}


@article{Gkillas2018,
title = {An application of extreme value theory to cryptocurrencies},
journal = {Economics Letters},
volume = {164},
pages = {109-111},
year = {2018},
issn = {0165-1765},
doi = {https://doi.org/10.1016/j.econlet.2018.01.020},
author = {Konstantinos Gkillas and Paraskevi Katsiampa},

}

@article{feng2018,
title = {Can cryptocurrencies be a safe haven: a tail risk perspective analysis},
journal = {Applied Economics},
volume = {50},
pages = {4745-4762},
year = {2018},
issue = {44},
doi = {https://doi.org/10.1080/00036846.2018.1466993},
author = {Wenjun Feng and Yiming Wang and Zhengjun Zhang},

}


@article{ahn2022,
title = {Asymmetric tail dependence in cryptocurrency markets: A Model-free approach},
journal = {Finance Research Letters},
volume = {47},
pages = {102746},
year = {2022},
issn = {1544-6123},
doi = {https://doi.org/10.1016/j.frl.2022.102746},
author = {Yongkil Ahn},

}

@article{wang2022,
title = {The asymmetric contagion effect between stock market and cryptocurrency market},
journal = {Finance Research Letters},
volume = {46},
pages = {102345},
year = {2022},
issn = {1544-6123},
doi = {https://doi.org/10.1016/j.frl.2021.102345},
author = {Hao Wang and Xiaoqian Wang and Siyuan Yin and Hao Ji},

}

@article{aslanidis2019,
title = {An analysis of cryptocurrencies conditional cross correlations},
journal = {Finance Research Letters},
volume = {31},
pages = {130-137},
year = {2019},
issn = {1544-6123},
doi = {https://doi.org/10.1016/j.frl.2019.04.019},
author = {Nektarios Aslanidis and Aurelio F. Bariviera and Oscar MartÃ­nez-IbaÃ±ez},

}


@article{bekiros2021,
title = {Correlated at the Tail: Implications of Asymmetric Tail-Dependence Across Bitcoin Markets},
journal = {Computational Economics},
volume = {58},
pages = {1289â1299},
year = {2021},
doi = {https://doi.org/10.1007/s10614-020-10058-6},
author = {Stelios Bekiros and Axel Hedstrom and Evgeniia Jayasekera and Tapas Mishra and Gazi Salah Uddin },

}


@article{longin2001,
author = {Longin, FranÃ§ois and Solnik, Bruno},
title = {Extreme Correlation of International Equity Markets},
journal = {The Journal of Finance},
volume = {56},
number = {2},
pages = {649-676},
doi = {https://doi.org/10.1111/0022-1082.00340},
year = {2001}
}




